@article{berghold98,
	author="Berghold, Gerd and Hutter, J{\"u}rg and Parrinello, Michele",
	title="Grid-free {DFT} implementation of local and gradient-corrected {XC} functionals",
	year=1998,
	journal="Theoretical Chemistry Accounts",
	volume=99,
	pages="344--346",
	url="http://dx.doi.org/10.1007/s002149800m15",
	howpublished="http://dx.doi.org/10.1007/s002149800m15"
}
@article{padovani00,
	author="Padovani, Cristina",
	title="On the derivative of some tensor-valued functions",
	year=2000,
	journal="Journal of Elasticity",
	volume=58,
	pages="257--268",
	url="http://dx.doi.org/10.1023/A:1007615519220",
	howpublished="http://dx.doi.org/10.1023/A:1007615519220"
}
@article{jog06,
	author="Jog, C.S.",
	title="Derivatives of the Stretch, Rotation and Exponential tensors in {\it n}-Dimensional vector spaces",
	year=2006,
	journal="Journal of Elasticity",
	volume=82,
	pages="175--192",
	url="http://dx.doi.org/10.1007/s10659-005-9038-9",
	howpublished="http://dx.doi.org/10.1007/s10659-005-9038-9"
}
@article{hoger84,
	author="Hoger, Anne and Carlson, Donald E.",
	title="On the derivative of the square root of a tensor and Guo's rate theorems",
	year=1984,
	journal="Journal of Elasticity",
	volume=14,
	pages="329--336",
	url="http://dx.doi.org/10.1007/BF00041141",
	howpublished="http://dx.doi.org/10.1007/BF00041141"
}
@article{gurtin83,
	author="Gurtin, Morton E. and Spear, Kathleen",
	title="On the relationship between the logarithmic strain rate and the stretching tensor",
	year=1983,
	journal="International Journal of Solids and Structures",
	volume=19,
	pages="437--444",
	url="http://dx.doi.org/10.1016/0020-7683(83)90054-9",
	howpublished="http://dx.doi.org/10.1016/0020-7683(83)90054-9"
}
@article{lathiotakis09,
	author="Lathiotakis, N. N. and Sharma, S. and Dewhurst, J. K. and Eich, F. G. and Marques, M. A. L. and Gross, E. K. U.",
	title="Density-matrix-power functional: performance for finite systems and the homogeneous electron gas",
	year=2009,
	journal="Physical Review A",
	volume=79,
	pages="040501(R)",
	url="http://dx.doi.org/10.1103/PhysRevA.79.040501",
	howpublished="http://dx.doi.org/10.1103/PhysRevA.79.040501"
}


