 @article{Rohr_2010, title={Combining density-functional theory and density-matrix-functional theory}, volume={82}, ISSN={1094-1622}, url={http://dx.doi.org/10.1103/PhysRevA.82.052502}, DOI={10.1103/physreva.82.052502}, number={5}, journal={Phys. Rev. A}, publisher={American Physical Society (APS)}, author={Rohr, Daniel R. and Toulouse, Julien and Pernal, Katarzyna}, year={2010}, month={Nov}}
 @article{Yasuda_2001, title={Correlation energy functional in the density-matrix functional theory}, volume={63}, ISSN={1094-1622}, url={http://dx.doi.org/10.1103/PhysRevA.63.032517}, DOI={10.1103/physreva.63.032517}, number={3}, journal={Phys. Rev. A}, publisher={American Physical Society (APS)}, author={Yasuda, Koji}, year={2001}, month={Feb}}
 @article{Coleman_1963, title={Structure of Fermion Density Matrices}, volume={35}, ISSN={0034-6861}, url={http://dx.doi.org/10.1103/RevModPhys.35.668}, DOI={10.1103/revmodphys.35.668}, number={3}, journal={Rev. Mod. Phys.}, publisher={American Physical Society (APS)}, author={Coleman, A.}, year={1963}, month={Jul}, pages={668–686}}
 @article{Lude_a_2013, title={Functional &lt;i&gt;N&lt;/i&gt;-Representability in 2-Matrix, 1-Matrix, and Density Functional Theories}, volume={04}, ISSN={2153-120X}, url={http://dx.doi.org/10.4236/jmp.2013.43A055}, DOI={10.4236/jmp.2013.43a055}, number={03}, journal={JMP}, publisher={Scientific Research Publishing, Inc,}, author={Ludeña, Eduardo V.}, year={2013}, pages={391–400}}
 @article{Baldsiefen_2013, title={Minimization procedure in reduced density matrix functional theory by means of an effective noninteracting system}, volume={1003}, ISSN={2210-271X}, url={http://dx.doi.org/10.1016/j.comptc.2012.09.001}, DOI={10.1016/j.comptc.2012.09.001}, journal={Computational and Theoretical Chemistry}, publisher={Elsevier BV}, author={Baldsiefen, Tim and Gross, E.K.U.}, year={2013}, month={Jan}, pages={114–122}}
 @article{M_ller_1984, title={Explicit approximate relation between reduced two- and one-particle density matrices}, volume={105}, ISSN={0375-9601}, url={http://dx.doi.org/10.1016/0375-9601(84)91034-X}, DOI={10.1016/0375-9601(84)91034-x}, number={9}, journal={Physics Letters A}, publisher={Elsevier BV}, author={Müller, A.M.K.}, year={1984}, month={Nov}, pages={446–452}}
 @article{Mazziotti_2012, title={Significant conditions for the two-electron reduced density matrix from the constructive solution of N representability}, volume={85}, ISSN={1094-1622}, url={http://dx.doi.org/10.1103/PhysRevA.85.062507}, DOI={10.1103/physreva.85.062507}, number={6}, journal={Phys. Rev. A}, publisher={American Physical Society (APS)}, author={Mazziotti, David A.}, year={2012}, month={Jun}}
 @article{Nguyen_Dang_1985, title={Variation of the energy functional of the reduced first-order density operator}, volume={120}, ISSN={0166-1280}, url={http://dx.doi.org/10.1016/0166-1280(85)85114-9}, DOI={10.1016/0166-1280(85)85114-9}, journal={Journal of Molecular Structure: THEOCHEM}, publisher={Elsevier BV}, author={Nguyen-Dang, T.Tung and Ludena, Eduardo V. and Tal, Y.}, year={1985}, month={Feb}, pages={247–264}}
 @article{Mazziotti_2012_a, title={Structure of Fermionic Density Matrices: Complete N-Representability Conditions}, volume={108}, ISSN={1079-7114}, url={http://dx.doi.org/10.1103/PhysRevLett.108.263002}, DOI={10.1103/physrevlett.108.263002}, number={26}, journal={Physical Review Letters}, publisher={American Physical Society (APS)}, author={Mazziotti, David A.}, year={2012}, month={Jun}}
 @article{Nagy_2002, title={Density-matrix functional theory}, volume={66}, ISSN={1094-1622}, url={http://dx.doi.org/10.1103/PhysRevA.66.022505}, DOI={10.1103/physreva.66.022505}, number={2}, journal={Phys. Rev. A}, publisher={American Physical Society (APS)}, author={Nagy, Á.}, year={2002}, month={Aug}}
 @article{Lathiotakis_2014, title={Local reduced-density-matrix-functional theory: Incorporating static correlation effects in Kohn-Sham equations}, volume={90}, ISSN={1094-1622}, url={http://dx.doi.org/10.1103/PhysRevA.90.032511}, DOI={10.1103/physreva.90.032511}, number={3}, journal={Phys. Rev. A}, publisher={American Physical Society (APS)}, author={Lathiotakis, Nektarios N. and Helbig, Nicole and Rubio, Angel and Gidopoulos, Nikitas I.}, year={2014}, month={Sep}}
 @article{Ayers_2007, title={Necessary and sufficient conditions for the N-representability of density functionals}, volume={75}, ISSN={1094-1622}, url={http://dx.doi.org/10.1103/PhysRevA.75.022514}, DOI={10.1103/physreva.75.022514}, number={2}, journal={Phys. Rev. A}, publisher={American Physical Society (APS)}, author={Ayers, Paul and Liu, Shubin}, year={2007}, month={Feb}}
 @article{Cance_s_2008, title={Projected gradient algorithms for Hartree-Fock and density matrix functional theory calculations}, volume={128}, ISSN={0021-9606}, url={http://dx.doi.org/10.1063/1.2888550}, DOI={10.1063/1.2888550}, number={13}, journal={The Journal of Chemical Physics}, publisher={AIP Publishing}, author={Cancès, Eric and Pernal, Katarzyna}, year={2008}, pages={134108}}
 @article{Kollmar_2003, title={A new approach to density matrix functional theory}, volume={119}, ISSN={0021-9606}, url={http://dx.doi.org/10.1063/1.1590635}, DOI={10.1063/1.1590635}, number={9}, journal={The Journal of Chemical Physics}, publisher={AIP Publishing}, author={Kollmar, Christian and Heß, Bernd A.}, year={2003}, pages={4655}}


